@article{
Guttman1984,
author = {Guttman, Antonin},
doi = {10.1145/602259.602266},
eprint = {ISBN 0-89791-128-8},
isbn = {0897911288},
issn = {01635808},
journal = {Proceedings of the 1984 ACM SIGMOD international conference on Management of data - SIGMOD '84},
pages = {47--57},
title = {{R-Trees: A Dynamic Index Structure for Spatial Searching}},
year = {1984}
}

@article{Greene1989,
author = {Greene, Diane},
journal = {The Fifth International Conference on Data Engineering},
number = {4871},
title = {{An implementation and performance analysis of spatial data access methods}},
year = {1989}
}

@article{Beckmann1990,
title={The R*-tree: An Efficient and Robust Access Method for Points and Rectangles},
author={{Beckmann, Norbert and Kriegel, Hans-Peter and Schneider, Ralf and Seeger, Bernhard}},
booktitle={Acm Sigmod Record},
volume={19},
number={2},
pages={322--331},
year={1990},
organization={ACM}
}

@article{Leuteneggert1997,
author = {Leuteneggert, Scott T and Lopezt, Mario A},
pages = {497--506},
title = {{STR : A Simple and Efficient Algorithm for R-Tree Packing}},
year = {1997}
}

@article{
Mitsuhashi2016,
author = {Ryuya Mitsuhashi and Hideyuki Kawashima and Takahiro Nishimichi and Osamu Tatebe},
journal = {IEEE International Conference on Big Data},
isbn = {9781467390057},
keywords = {Spatial join count, STR R-tree periodic boundary condition, SIMD},
pages = {2938--2947},
title = {{Three-Dimensional Spatial Join Count Exploiting CPU Optimized STR R-Tree}},
year = {2016}
}

@book{
real-time-collision-detection,
author = {Christer Ericson},
title = {Real-Time Collision Detection},
publisher = {Morgan Kaufmann Publishers},
year = {2004},
isbn = {9781558607323}
}
